@Book{knu84:tex,
  author =	 {Knuth, D. E.},
  title = 	 {The \TeX{}book},
  publisher = 	 {Addison-Wesley},
  year = 	 1984,
  address =	 {Reading, Massachusetts}
}

@Book{		  lam94:lat,
  author	= {Lamport, L.},
  title		= {A Document Preparation System: \LaTeX},
  publisher	= {Addison-Wesley},
  year		= 1994,
  edition	= {2nd},
  address	= {Boston}
}

@Book{kol24:unl,
  author = 	 {Kolda, T. G.},
  title = 	 {Unlocking \LaTeX{} Graphics. A Concise Guide to Ti\textit{k}Z/PGF and PGFPLOTS},
  publisher = 	 {MathSci.ai},
  year = 	 2024,
  address = 	 {Dublin, California}}
